<?xml version="1.0" encoding="UTF-8"?><collection xmlns="http://www.loc.gov/MARC21/slim"><record><leader>00449nam--2200145-i-4500</leader><controlfield tag="001">000007233</controlfield><controlfield tag="002">20161230</controlfield><controlfield tag="005">20161230201027</controlfield><controlfield tag="008">060222s1000------------r-----000-0-eng-d</controlfield><datafield ind1=" " ind2=" " tag="080"><subfield code="a">621.375.82</subfield></datafield><datafield ind1=" " ind2=" " tag="100"><subfield code="a">Bernard, Michel-yves</subfield></datafield><datafield ind1=" " ind2=" " tag="245"><subfield code="a">Masers et lasers. voyage au pays de l electron ique. preface d alfred kastler. 2-eme ed</subfield></datafield><datafield ind1=" " ind2=" " tag="260"><subfield code="a">Paris, Presses Universitaires De France, 1965 Viii + 151 P</subfield></datafield><datafield ind1=" " ind2=" " tag="490"><subfield code="a">La Science Vivante</subfield></datafield><datafield ind1=" " ind2=" " tag="852"><subfield code="a">21792</subfield></datafield></record></collection>